1759 3030
218 109 281 141 iv
343 135 346 140 .

180 257 183 264 ,
215 187 449 251 universe
489 204 727 262 iudicari,
782 204 877 249 nisi
910 200 1099 264 singula
1132 217 1382 264 quaeque,
1441 177 1622 263 quanto

177 338 179 341 ¹
217 285 328 330 fieri
350 285 595 331 acerrimo
618 283 781 330 studio
803 270 961 345 possit
985 282 1268 345 explorata,
1303 283 1359 329 in
1390 292 1622 345 promptu

214 365 424 419 habeas:
470 380 568 425 quo
588 365 640 409 in
667 376 848 426 genere
865 356 947 408 vis
969 363 1172 424 insignis
1193 361 1409 416 cenffitur
1427 364 1480 408 in
1499 362 1627 416 sub.-

216 444 294 492 tili
314 438 599 507 temporum
612 443 1013 509 investigatione,
1047 454 1174 505 quae
1196 448 1257 489 ut
1269 433 1364 487 Pax
1379 425 1621 489 historiae

220 526 416 598 merite
424 522 677 587 appellata
689 530 777 579 est,
797 522 887 570 ita
892 521 1146 568 immerito
1161 537 1190 568 a
1210 521 1501 584 quibusdam
1522 520 1620 570 ho·-

218 606 303 654 die
339 604 683 652 contemnitur.
764 602 863 649 Sed
896 617 994 648 non
1028 603 1134 647 sine
1164 602 1386 651 molestia
1410 604 1618 665 quadam

218 702 330 731 mea
353 685 624 747 sepositum
651 692 726 730 est
747 683 943 730 initium
967 683 1272 748 scriptionis:
1317 699 1414 745 quo
1435 680 1620 732 factum

219 775 320 829 est,
361 772 417 811 ut
450 769 794 810 resecarentur
820 761 1120 827 floridiores
1110 750 1487 811 commentandi
1506 763 1679 822 loci,

220 847 397 909 quibus
429 854 537 894 tum
569 836 776 890 aliorum
810 858 962 905 opera
990 843 1359 904 aestimaretur,
1393 853 1499 893 tum
1523 859 1621 890 no-

220 929 306 976 stri
341 928 550 975 instituti
575 934 624 974 et
643 926 770 975 ratio
791 925 1085 988 redderetur
1107 933 1159 972 et
1178 925 1437 975 salubritas
1476 943 1623 975 com-

220 1007 564 1063 mendaretur,
598 1012 704 1052 tum
725 1003 821 1050 alia
842 992 1081 1065 quaedam
1103 1004 1165 1051 de
1185 1008 1370 1069 tragica
1391 1007 1669 1055 Graeco·-

218 1103 336 1137 rum
362 1088 504 1149 poesi
537 1086 923 1142 dissererentur,
967 1099 1093 1145 quae
1113 1082 1229 1132 fere
1242 1086 1442 1147 placere
1462 1087 1622 1134 sol'ent

221 1170 319 1228 eis,
341 1168 431 1229 qui
448 1166 510 1212 ad
530 1165 792 1211 interiores
812 1162 998 1210 litteras
1018 1178 1121 1210 non
1140 1162 1465 1212 accesserunt.
1508 1166 1647 1212 lta—

222 1264 319 1312 que
338 1245 652 1309 quantumvis
676 1244 741 1290 ab
762 1260 934 1290 eorum
947 1260 1039 1306 ego
1063 1244 1355 1292 abhorream
1382 1244 1618 1304 sterilita-

219 1342 269 1385 te
281 1367 298 1393 ,
342 1330 427 1394 qui
442 1364 456 1390 ,
493 1326 639 1399 quasi
662 1341 862 1374 carmen
882 1325 1095 1375 condant
1115 1326 1197 1375 vel
1217 1324 1437 1378 fabulam
1459 1337 1618 1394 agant,

218 1415 271 1459 in
289 1410 501 1458 mediam
524 1423 633 1454 rem
656 1409 817 1454 statim
841 1407 1157 1467 abripiendos
1177 1407 1387 1455 lectores
1402 1425 1510 1455 ease
1527 1410 1621 1456 sibi

218 1488 533 1553 persuadent,
554 1494 721 1534 tamen
741 1483 872 1532 nunc
891 1484 1089 1547 quidem
1100 1487 1397 1535 necesaitate
1413 1496 1619 1552 urgente

217 1567 495 1617 istiusmodi
533 1566 824 1619 tenuitatem
863 1566 1028 1639 etiam·
1051 1567 1282 1628 superavi
1296 1600 1309 1624 ,
1377 1574 1545 1629 atque
1567 1569 1619 1613 in

219 1648 492 1712 fragmenti
518 1649 732 1708 speciem
769 1635 977 1691 exorsus
1008 1660 1114 1691 sum
1146 1647 1437 1694 orationem.
1512 1649 1640 1697 Sed

219 1730 343 1777 haec
369 1728 630 1787 hactenus:
677 1741 886 1788 namque
912 1725 1131 1782 diutius
1115 1742 1168 1773 m
1185 1725 1266 1774 his
1286 1733 1618 1791 conquerendi

203 1788 589 1905 excusandique
609 1805 848 1855 molentis
870 1809 1059 1855 versari
1077 1811 1246 1870 ecquid
1265 1811 1357 1856 erit
1368 1813 1561 1872 praemi
1572 1816 1597 1858 Ρ

1700 128 1713 139 ,
1700 5 1707 9 ‚
