1759 3030
163 275 187 302 ⁸
269 276 273 281 .

142 376 405 463 Etsiquae
426 405 550 453 ratio
573 413 704 467 esset
722 398 954 470 quodque,
971 405 1231 454 consilium
1246 405 1399 454 huius
1413 405 1549 459 seri·-

144 485 352 547 ptionis,
394 487 510 535 satis
530 486 693 533 indice
718 486 1018 536 declaratum
1039 494 1140 547 est,
1169 495 1350 534 ttamen
1374 495 1471 548 quo
1492 483 1551 531 et

146 568 456 616 mirationem
485 562 700 625 levarem
713 602 727 627 ‚
754 583 920 630 quam
953 568 1170 616 arbitror
1199 566 1419 621 futuram
1440 568 1572 612 esse*

148 646 495 703 nonnullorum
520 638 581 693 de
604 648 814 695 instituti
838 650 947 695 mei
968 649 1237 711 exiguitate
1248 661 1269 707 ‚‘
1306 656 1357 695 et
1388 661 1543 709 angu-

151 720 353 775 stiarum
375 732 599 794 mearum
617 726 918 797 susciperem
938 722 1330 787 excusationem5
1363 726 1551 789 placuit

0 836 5 869 .‘
71 859 82 865 ἱ
152 802 475 867 praefationis
498 807 867 868 opportunitate
898 808 970 854 uti
1000 808 1208 869 privatis
1232 806 1551 868 scribentium

144 884 287 943 ‘curis
300 886 594 942 »enarrandis
615 882 880 948 antiquitus
901 887 1177 935 constituta.
1239 885 1437 935 Etenim
1460 891 1553 949 ego

156 952 457 1025 etlibrarius
480 981 592 1025 cum
612 967 691 1011 sic'
704 966 897 1027 depacti
918 970 1151 1029 essemus,
1185 974 1240 1012 ut
1259 965 1434 1012 liceret
1453 967 1554 1013 mi-

0 1074 16 1081 -
88 1086 93 1092 χ
139 1045 209 1092 ‘hi
244 1052 355 1093 eam
388 1046 809 1110 commentationis
845 1053 1064 1107 partem,
1109 1060 1236 1107 quae
1266 1052 1341 1092 est
1367 1045 1430 1091 de
1451 1047 1555 1090 vita

156 1127 443 1187 Agathonis,
475 1124 781 1187 disceptandi
802 1140 969 1172 caussa
989 1129 1268 1187 proponere
1289 1126 1554 1187 integram:

156 1217 321 1255 tamen
346 1205 430 1253 ille
453 1205 599 1252 simul
622 1213 766 1266 atque
786 1216 961 1268 parum
982 1206 1084 1251 suis
1107 1205 1159 1251 id
1178 1206 1455 1255 conducere
1471 1222 1557 1260 rae

159 1286 377 1343 tionibus
409 1299 519 1332 sero
542 1270 895 1346 intellexerat,-
927 1272 1063 1332 illico
1084 1301 1164 1332 me
1187 1288 1454 1335 convenire
1478 1296 1558 1335 at·-

161 1382 257 1429 que
278 1375 335 1416 ut
355 1374 596 1414 mutarem
623 1366 882 1421 consilium
903 1360 1127 1430 poscere.
1206 1366 1559 1415 obsecundare

160 1452 259 1498 viri
281 1449 613 1495 honestissimi
633 1449 863 1510 precibus
884 1464 986 1511 par,
999 1458 1117 1496 erat.
1138 1485 1140 1487 .
1179 1448 1409 1497 Attamen
1430 1443 1560 1511 quo-

161 1529 293 1574 niam
324 1527 567 1575 eiusmodi
601 1513 850 1590 particula.
873 1527 1129 1588 quaedam'
1147 1526 1404 1590 deligenda
1439 1537 1561 1586 erat,

100 1636 103 1644 ι
163 1623 290 1672 quae
322 1614 373 1655 et
403 1607 503 1653 suis
531 1607 640 1669 ipsa
672 1598 1006 1653 contineretur
1031 1605 1234 1666 finibus,
1282 1615 1333 1651 et
1351 1605 1425 1653 sat
1445 1606 1561 1653 ido-

164 1705 306 1749 neam
338 1688 541 1736 afferret
574 1687 879 1750 disceptandi
913 1690 1193 1735 materiam:
1218 1710 1220 1713 ·
1248 1686 1434 1737 factum
1474 1699 1562 1748 est,

155 1770 311 1833 ‘culpa
333 1764 537 1832 quidem
550 1783 662 1813 mea
680 1766 841 1827 nulla,
878 1765 1048 1813 dolore
1070 1783 1192 1814 vero
1213 1766 1346 1813 haud
1365 1768 1562 1814 medio-

111 1858 121 1875 ·
159 1830 237 1899 cri
254 1886 268 1911 ‚
316 1859 372 1898 ut
392 1851 571 1896 omisso
594 1849 1014 1895 commentationis
1035 1848 1177 1895 initio
1199 1849 1331 1910 typis
1352 1848 1450 1895 iam
1474 1864 1563 1895 ex-

165 1949 338 1998 presso
373 1931 537 1979 media
569 1929 809 1992 quaedam
839 1932 1000 1993 capita
1042 1930 1405 1991 eximerentur,
1452 1934 1565 1994 qui-

165 2016 258 2063 bus
279 2013 341 2060 de
363 2011 467 2059 sola
491 2020 648 2057 aetate
669 2013 923 2073 quaeritur
942 2009 1230 2075 Agathonis.
1309 2010 1470 2073 Atque
1501 2012 1564 2058 il·-

168 2093 254 2141 lud
285 2092 483 2155 quidem
517 2089 665 2138 facile
699 2087 839 2150 fero,
880 2090 1012 2153 quod
1037 2106 1141 2154 *non
1172 2088 1345 2138 defore
1368 2095 1567 2154 praevi-

169 2175 293 2233 de‘0,
347 2165 433 2233 qui
462 2171 802 2233 quaestionum
837 2157 1293 2233 chronologicarum
1324 2173 1566 2234 pusillam,

112 2268 115 2271 ’
171 2263 227 2303 ut
245 2255 396 2313 aiunt,
432 2252 701 2299 exilitatem
721 2251 1039 2321 putidamque
1062 2251 1306 2313 quandam
1328 2252 1566 2300 sedulita-

172 2342 275 2397 tem
294 2332 450 2384 valde·
459 2330 712 2382 fastidiant
735 2339 785 2379 et
802 2330 1170 2381 stomachentur
1188 2333 1566 2395 incredibiliter:

173 2417 258 2478 qui
288 2414 489 2478 quidem
520 2429 612 2461 nec
646 2429 772 2476 quae
803 2415 867 2462 sit
891 2416 1017 2462 ratio
1040 2422 1090 2462 et
1112 2415 1197 2477 qui
1217 2413 1328 2461 finis
1349 2415 1570 2478 philolo·
1603 2456 1608 2467 ,

175 2499 283 2561 giae
315 2491 578 2545 historicae
606 2510 845 2559 pernosse
880 2495 1138 2555 videntur,
1188 2500 1282 2543 nec
1322 2498 1445 2545 illud
1482 2515 1569 2545 re-

176 2564 350 2640 puiare
364 2611 378 2636 ,
422 2592 524 2625 non
542 2592 685 2640 posse
707 2576 768 2624 de
791 2592 855 2623 re
869 2591 1108 2638 quaquam
1131 2579 1399 2640 generatim
1425 2589 1567 2642 atque

264 2789 281 2825 l
